<?xml version="1.0" encoding="UTF-8"?><record xmlns="http://www.loc.gov/MARC21/slim" xmlns:cinclude="http://apache.org/cocoon/include/1.0" xmlns:zs="http://www.loc.gov/zing/srw/">
  <leader>00369nz  a2200133n  4500</leader>
  <controlfield tag="001">n 2003005351</controlfield>
  <controlfield tag="003">DLC</controlfield>
  <controlfield tag="005">20030213161420.0</controlfield>
  <controlfield tag="008">030213n| acannaabn          |a aaa      </controlfield>
  <datafield tag="010" ind1=" " ind2=" ">
    <subfield code="a">n 2003005351</subfield>
  </datafield>
  <datafield tag="040" ind1=" " ind2=" ">
    <subfield code="a">DLC</subfield>
    <subfield code="b">eng</subfield>
    <subfield code="c">DLC</subfield>
  </datafield>
  <datafield tag="100" ind1="1" ind2=" ">
    <subfield code="a">Schaefer, Lola M.,</subfield>
    <subfield code="d">1950-</subfield>
    <subfield code="t">My head</subfield>
    <subfield code="l">Spanish</subfield>
  </datafield>
  <datafield tag="400" ind1="1" ind2=" ">
    <subfield code="a">Schaefer, Lola M.,</subfield>
    <subfield code="d">1950-</subfield>
    <subfield code="t">Cabeza</subfield>
  </datafield>
  <datafield tag="670" ind1=" " ind2=" ">
    <subfield code="a">Schaefer, Lola M. La cabeza, 2003.</subfield>
  </datafield>
</record>